% Encoding: UTF-8
@manual{intel2017man,
  author = {{Intel Corporation}},
  title = {Intel 64 and IA-32 Architectures Software Developer’s Manual},
  year = {2016},
  month = apr,
  organization = {Intel Corporation},
  note = {\url{http://www.intel.com/content/www/us/en/processors/architectures-software-developer-manuals.html},
   visited 2017-08-19}
}

@Online{pic:Moore,
  author  = {Robert Dickau},
  title   = {Stages 0 through 5 of fractal Moore curve},
  year    = {2008},
  url     = {https://en.wikipedia.org/wiki/Moore_curve#/media/File:Moore-curve-stages-0-through-5.png},
  month   = may,
  urldate = {2020-07-22},
}

@article{moore1900,
  title={On certain crinkly curves},
  author={Moore, Eliakim Hastings},
  journal={Transactions of the American Mathematical Society},
  volume={1},
  number={1},
  pages={72--90},
  year={1900},
  publisher={JSTOR}
}

@Online{PointForPoint,
  author  = {John Burkardt},
  title   = {Convert between 1D and 2D coordinates of Hilbert Curve},
  url     = {https://people.sc.fsu.edu/~jburkardt/c_src/hilbert_curve/hilbert_curve.html},
  urldate = {2020-07-22},
  year={2015},
  month = dec,
}

@Online{Chwedzuk2016,
  author  = {Marcin Chwedczuk},
  title   = {Iterative algorithm for drawing Hilbert curve},
  year    = {2016},
  url     = {https://marcin-chwedczuk.github.io/iterative-algorithm-for-drawing-hilbert-curve},
  month = aug,
  urldate = {2020-07-22},
}

@Online{Kreiss2016,
  author   = {Sven Kreiss},
  title    = {S2 cells and space-filling curves: Keys to building better digital map tools for cities},
  year     = {2016},
  url      = {https://medium.com/sidewalk-talk/s2-cells-and-space-filling-curves-keys-to-building-better-digital-map-tools-for-cities-a312aa5e2f59},
  subtitle = {beschnitten von Felix Brandis},
  month    = jul,
  urldate  = {2020-07-22},
}

@Online{pic:hilbert,
  author  = {Nick Berry},
  editor  = {datagenetics.com},
  title   = {Hilbert Curves},
  year    = {2013},
  url     = {http://datagenetics.com/blog/march22013/index.html},
  month = mar,
  urldate = {2020-07-22},
}

@Online{pic:locality,
  author  = {Christian S. Perone},
  title   = {Google’s S2, geometry on the sphere, cells and Hilbert curve},
  year    = {2015},
  url     = {http://blog.christianperone.com/2015/08/googles-s2-geometry-on-the-sphere-cells-and-hilbert-curve},
  month   = aug,
  urldate = {2020-07-22},
}

@Comment{jabref-meta: databaseType:biblatex;}
